<?xml version="1.0" encoding="UTF-8"?><collection xmlns="http://www.loc.gov/MARC21/slim"><record><leader>00479nam--2200169-i-4500</leader><controlfield tag="001">000015391</controlfield><controlfield tag="002">20161230</controlfield><controlfield tag="005">20170107001538</controlfield><controlfield tag="008">060222s1000------------r-----000-0-eng-d</controlfield><datafield ind1=" " ind2=" " tag="080"><subfield code="a">621.039.56:621.039.6</subfield></datafield><datafield ind1=" " ind2=" " tag="100"><subfield code="a">Veres, ©rp©Łd</subfield></datafield><datafield ind1=" " ind2=" " tag="245"><subfield code="a">Magizomerek gamma-aktiv©Łci©đja es alkalmaz©Łsuk</subfield></datafield><datafield ind1=" " ind2=" " tag="260"><subfield code="a">Budapest</subfield><subfield code="b">Akad©♭miai Kiad©đ</subfield><subfield code="c">1984</subfield></datafield><datafield ind1=" " ind2=" " tag="300"><subfield code="a">82 p</subfield></datafield><datafield ind1=" " ind2=" " tag="490"><subfield code="a">Az atomenergia ©♭s magkutat©Łs ©ðjabb eredm©♭nyei</subfield></datafield><datafield ind1=" " ind2=" " tag="852"><subfield code="a">72408</subfield></datafield><datafield ind1=" " ind2=" " tag="CAT"><subfield code="a">SYS</subfield><subfield code="c">20170107</subfield><subfield code="h">001538</subfield></datafield></record></collection>